[gd_scene load_steps=7 format=2]

[ext_resource path="res://levels/Level3/Level3.gd" type="Script" id=1]
[ext_resource path="res://levels/Level3/TileMapLvl3.tscn" type="PackedScene" id=2]
[ext_resource path="res://entities/player/Player.tscn" type="PackedScene" id=3]
[ext_resource path="res://entities/parrot/ParrotEnemy.tscn" type="PackedScene" id=4]
[ext_resource path="res://entities/Gorilla/GorillaBoss.tscn" type="PackedScene" id=5]

[sub_resource type="Curve2D" id=1]
_data = {
"points": PoolVector2Array( 0, 0, 0, 0, 5726.87, 514.312, 0, 0, 0, 0, 4897.81, 513.419, 0, 0, 0, 0, 5726.79, 512.835 )
}

[node name="Node" type="Node"]
script = ExtResource( 1 )

[node name="TileMap" parent="." instance=ExtResource( 2 )]

[node name="Player" parent="." instance=ExtResource( 3 )]
position = Vector2( 157.5, 519.196 )
scale = Vector2( 0.25, 0.25 )

[node name="ParrotEnemy" parent="." instance=ExtResource( 4 )]
position = Vector2( 1314.89, 501.833 )
scale = Vector2( 0.25, 0.25 )
collision_layer = 64
collision_mask = 32
detect_radius = 1500

[node name="ParrotEnemy2" parent="." instance=ExtResource( 4 )]
position = Vector2( 2074.34, 497.366 )
scale = Vector2( 0.25, 0.25 )
collision_layer = 64
collision_mask = 32
detect_radius = 1500

[node name="ParrotEnemy3" parent="." instance=ExtResource( 4 )]
position = Vector2( 3621.54, 428.866 )
scale = Vector2( 0.25, 0.25 )
collision_layer = 64
collision_mask = 32
detect_radius = 1500

[node name="Path2D1" type="Path2D" parent="."]
position = Vector2( 547.125, 7.73825 )
scale = Vector2( 0.912115, 1 )
curve = SubResource( 1 )

[node name="PathFollow2D" type="PathFollow2D" parent="Path2D1"]
position = Vector2( 5726.87, 514.312 )
rotation = 3.14159
rotate = false

[node name="Gorilla" parent="Path2D1/PathFollow2D" instance=ExtResource( 5 )]
position = Vector2( 91.1406, 24.3038 )
rotation = 3.14159
[connection signal="shoot" from="ParrotEnemy" to="." method="_on_ParrotEnemy_shoot"]
[connection signal="shoot" from="ParrotEnemy2" to="." method="_on_ParrotEnemy_shoot"]
[connection signal="shoot" from="ParrotEnemy3" to="." method="_on_ParrotEnemy_shoot"]
